@ARTICLE{Alloin_1979,
   author = {{Alloin}, D. and {Collin-Souffrin}, S. and {Joly}, M. and {Vigroux}, L.
  },
    title = "{Nitrogen and oxygen abundances in galaxies}",
  journal = {\aap},
 keywords = {Abundance, Galactic Evolution, Galaxies, Interstellar Gas, Nitrogen, Oxygen, Chemical Evolution, Galactic Nuclei, Gas Temperature, H Ii Regions, Interstellar Magnetic Fields, Line Spectra, Magellanic Clouds, Markarian Galaxies, Spectral Energy Distribution, Spiral Galaxies, Surface Temperature, Temperature Gradients},
     year = 1979,
    month = sep,
   volume = 78,
    pages = {200-216},
   adsurl = {http://adsabs.harvard.edu/abs/1979A%26A....78..200A},
  adsnote = {Provided by the SAO/NASA Astrophysics Data System}
}


@ARTICLE{Lequeux_1979,
   author = {{Lequeux}, J. and {Peimbert}, M. and {Rayo}, J.~F. and {Serrano}, A. and 
  {Torres-Peimbert}, S.},
    title = "{Chemical composition and evolution of irregular and blue compact galaxies}",
  journal = {\aap},
 keywords = {Astronomical Photometry, Chemical Composition, Compact Galaxies, Galactic Evolution, Galactic Structure, Stellar Spectrophotometry, Abundance, Carbon, H Ii Regions, Heavy Elements, Hydrogen Ions, Nitrogen, Oxygen},
     year = 1979,
    month = dec,
   volume = 80,
    pages = {155-166},
   adsurl = {http://adsabs.harvard.edu/abs/1979A%26A....80..155L},
  adsnote = {Provided by the SAO/NASA Astrophysics Data System}
}


@ARTICLE{Pagel_1979,
   author = {{Pagel}, B.~E.~J. and {Edmunds}, M.~G. and {Blackwell}, D.~E. and 
  {Chun}, M.~S. and {Smith}, G.},
    title = "{On the composition of H II regions in southern galaxies. I - NGC 300 and 1365}",
  journal = {\mnras},
 keywords = {Emission Spectra, H Ii Regions, H Lines, Interstellar Gas, Spectrum Analysis, Spiral Galaxies, Abundance, Astronomical Catalogs, Data Reduction, Electron Energy, Hydrogen Ions, Magellanic Clouds, Nitrogen, Oxygen},
     year = 1979,
    month = oct,
   volume = 189,
    pages = {95-113},
   adsurl = {http://adsabs.harvard.edu/abs/1979MNRAS.189...95P},
  adsnote = {Provided by the SAO/NASA Astrophysics Data System}
}


@ARTICLE{Tinsley_1980,
   author = {{Tinsley}, B.~M.},
    title = "{Evolution of the Stars and Gas in Galaxies}",
  journal = {\fcp},
     year = 1980,
   volume = 5,
    pages = {287-388},
   adsurl = {http://adsabs.harvard.edu/abs/1980FCPh....5..287T},
  adsnote = {Provided by the SAO/NASA Astrophysics Data System}
}

@ARTICLE{Hildebrand_1983,
   author = {{Hildebrand}, R.~H.},
    title = "{The Determination of Cloud Masses and Dust Characteristics from Submillimetre Thermal Emission}",
  journal = {\qjras},
     year = 1983,
    month = sep,
   volume = 24,
    pages = {267},
   adsurl = {http://adsabs.harvard.edu/abs/1983QJRAS..24..267H},
  adsnote = {Provided by the SAO/NASA Astrophysics Data System}
}


@ARTICLE{Skillman_1989,
   author = {{Skillman}, E.~D. and {Kennicutt}, R.~C. and {Hodge}, P.~W.},
    title = "{Oxygen abundances in nearby dwarf irregular galaxies}",
  journal = {\apj},
 keywords = {Abundance, Dwarf Galaxies, H Ii Regions, Interstellar Gas, Irregular Galaxies, Oxygen, Elliptical Galaxies, Galactic Evolution, Luminosity, Planetary Nebulae},
     year = 1989,
    month = dec,
   volume = 347,
    pages = {875-882},
      doi = {10.1086/168178},
   adsurl = {http://adsabs.harvard.edu/abs/1989ApJ...347..875S},
  adsnote = {Provided by the SAO/NASA Astrophysics Data System}
}

@ARTICLE{Young_1989,
   author = {{Young}, J.~S. and {Xie}, S. and {Kenney}, J.~D.~P. and {Rice}, W.~L.
  },
    title = "{Global properties of infrared bright galaxies}",
  journal = {\apjs},
 keywords = {Galactic Clusters, Infrared Sources (Astronomy), Interstellar Gas, Star Formation, H Alpha Line, Infrared Astronomy Satellite, Radiant Flux Density, Stellar Luminosity, Tables (Data)},
     year = 1989,
    month = aug,
   volume = 70,
    pages = {699-722},
      doi = {10.1086/191355},
   adsurl = {http://adsabs.harvard.edu/abs/1989ApJS...70..699Y},
  adsnote = {Provided by the SAO/NASA Astrophysics Data System}
}



@ARTICLE{McGaugh_1991,
   author = {{McGaugh}, S.~S.},
    title = "{H II region abundances - Model oxygen line ratios}",
  journal = {\apj},
 keywords = {Abundance, H Ii Regions, Line Spectra, Oxygen Spectra, Forbidden Bands, Star Clusters, Stellar Spectra},
     year = 1991,
    month = oct,
   volume = 380,
    pages = {140-150},
      doi = {10.1086/170569},
   adsurl = {http://adsabs.harvard.edu/abs/1991ApJ...380..140M},
  adsnote = {Provided by the SAO/NASA Astrophysics Data System}
}


@ARTICLE{Moshir_1992,
   author = {{Beichman}, C.~A. and {Boulanger}, F. and {Moshir}, M.},
    title = "{Star formation in Taurus. I - The IRAS Faint Source Survey}",
  journal = {\apj},
 keywords = {Infrared Sources (Astronomy), Pre-Main Sequence Stars, Sky Surveys (Astronomy), Star Formation, Dwarf Stars, Infrared Astronomy Satellite, Stellar Luminosity, Taurus Constellation},
     year = 1992,
    month = feb,
   volume = 386,
    pages = {248-259},
      doi = {10.1086/171011},
   adsurl = {http://adsabs.harvard.edu/abs/1992ApJ...386..248B},
  adsnote = {Provided by the SAO/NASA Astrophysics Data System}
}

@ARTICLE{Kroupa_1993,
   author = {{Kroupa}, P. and {Tout}, C.~A. and {Gilmore}, G.},
    title = "{The distribution of low-mass stars in the Galactic disc}",
  journal = {\mnras},
 keywords = {Binary Stars, Galactic Nuclei, Milky Way Galaxy, Star Distribution, Stellar Mass, Color-Magnitude Diagram, Main Sequence Stars, Mass To Light Ratios, Metallicity, Solar Neighborhood, Stellar Evolution, Stellar Luminosity},
     year = 1993,
    month = jun,
   volume = 262,
    pages = {545-587},
   adsurl = {http://adsabs.harvard.edu/abs/1993MNRAS.262..545K},
  adsnote = {Provided by the SAO/NASA Astrophysics Data System}
}

@ARTICLE{Sutherland_1993,
   author = {{Sutherland}, R.~S. and {Dopita}, M.~A.},
    title = "{Cooling functions for low-density astrophysical plasmas}",
  journal = {\apjs},
 keywords = {Cooling Flows (Astrophysics), Cosmic Plasma, Nonequilibrium Ionization, One Dimensional Flow, Plasma Slabs, Radiative Transfer, Charge Exchange, Electron Impact, Grid Generation (Mathematics), Hydrogen Recombinations, Ionization, Mathematical Models, Metallicity, Photoionization, Radiative Recombination, Rarefied Plasmas, Resonance Lines},
     year = 1993,
    month = sep,
   volume = 88,
    pages = {253-327},
      doi = {10.1086/191823},
   adsurl = {http://adsabs.harvard.edu/abs/1993ApJS...88..253S},
  adsnote = {Provided by the SAO/NASA Astrophysics Data System}
}

@ARTICLE{Storchi_1994,
   author = {{Storchi-Bergmann}, T. and {Calzetti}, D. and {Kinney}, A.~L.
  },
    title = "{Ultraviolet to near-infrared spectral distributions of star-forming galaxies: Metallicity and age effects}",
  journal = {\apj},
 keywords = {Abundance, Chemical Composition, Evolution (Development), Galactic Evolution, Metallicity, Optical Properties, Seyfert Galaxies, Spectral Energy Distribution, Star Formation Rate, Starburst Galaxies, Computation, Light (Visible Radiation), Near Infrared Radiation, Observatories, Photometry, Ultraviolet Radiation},
     year = 1994,
    month = jul,
   volume = 429,
    pages = {572-581},
      doi = {10.1086/174345},
   adsurl = {http://adsabs.harvard.edu/abs/1994ApJ...429..572S},
  adsnote = {Provided by the SAO/NASA Astrophysics Data System}
}

@ARTICLE{Worthey_1994a,
   author = {{Worthey}, G.},
    title = "{Comprehensive stellar population models and the disentanglement of age and metallicity effects}",
  journal = {\apjs},
 keywords = {Galactic Evolution, Globular Clusters, Hertzsprung-Russell Diagram, Horizontal Branch Stars, Main Sequence Stars, Metallicity, Stellar Evolution, Stellar Models, Color-Magnitude Diagram, Spectral Energy Distribution, Stellar Atmospheres, Stellar Color, Stellar Composition, Stellar Interiors, Stellar Luminosity, Stellar Magnitude, Stellar Mass, Stellar Spectrophotometry},
     year = 1994,
    month = nov,
   volume = 95,
    pages = {107-149},
      doi = {10.1086/192096},
   adsurl = {http://adsabs.harvard.edu/abs/1994ApJS...95..107W},
  adsnote = {Provided by the SAO/NASA Astrophysics Data System}
}

@ARTICLE{Worthey_1994b,
   author = {{Worthey}, G. and {Faber}, S.~M. and {Gonzalez}, J.~J. and {Burstein}, D.
  },
    title = "{Old stellar populations. 5: Absorption feature indices for the complete LICK/IDS sample of stars}",
  journal = {\apjs},
 keywords = {Absorption Spectra, Sky Surveys (Astronomy), Star Distribution, Abundance, Metallicity, Stellar Atmospheres, Stellar Gravitation, Stellar Temperature},
     year = 1994,
    month = oct,
   volume = 94,
    pages = {687-722},
      doi = {10.1086/192087},
   adsurl = {http://adsabs.harvard.edu/abs/1994ApJS...94..687W},
  adsnote = {Provided by the SAO/NASA Astrophysics Data System}
}


@ARTICLE{Zaritsky_1994,
   author = {{Zaritsky}, D. and {Kennicutt}, Jr., R.~C. and {Huchra}, J.~P.
  },
    title = "{H II regions and the abundance properties of spiral galaxies}",
  journal = {\apj},
 keywords = {Abundance, H Ii Regions, Irregular Galaxies, Oxygen, Spiral Galaxies, Disk Galaxies, Emission Spectra, Metallicity, Stellar Luminosity},
     year = 1994,
    month = jan,
   volume = 420,
    pages = {87-109},
      doi = {10.1086/173544},
   adsurl = {http://adsabs.harvard.edu/abs/1994ApJ...420...87Z},
  adsnote = {Provided by the SAO/NASA Astrophysics Data System}
}


@ARTICLE{Steidel_1995,
   author = {{Steidel}, C.~C. and {Pettini}, M. and {Hamilton}, D.},
    title = "{Lyman Imaging of High-Redshift Galaxies.III.New Observations of Four QSO Fields}",
  journal = {\aj},
   eprint = {astro-ph/9509089},
 keywords = {COSMOLOGY: THEORY, COSMOLOGY: OBSERVATIONS, GALAXIES: EVOLUTION},
     year = 1995,
    month = dec,
   volume = 110,
    pages = {2519},
      doi = {10.1086/117709},
   adsurl = {http://adsabs.harvard.edu/abs/1995AJ....110.2519S},
  adsnote = {Provided by the SAO/NASA Astrophysics Data System}
}

@ARTICLE{Kessler_1996,
   author = {{Kessler}, M.~F. and {Steinz}, J.~A. and {Anderegg}, M.~E. and 
  {Clavel}, J. and {Drechsel}, G. and {Estaria}, P. and {Faelker}, J. and 
  {Riedinger}, J.~R. and {Robson}, A. and {Taylor}, B.~G. and 
  {Xim{\'e}nez de Ferr{\'a}n}, S.},
    title = "{The Infrared Space Observatory (ISO) mission.}",
  journal = {\aap},
 keywords = {artificial satellites, space probes -- instrumentation: miscellaneous -- infrared: general, Space Probes: Space Instrumentation, Space Research: Infrared Astronomy},
     year = 1996,
    month = nov,
   volume = 315,
    pages = {L27-L31},
   adsurl = {http://adsabs.harvard.edu/abs/1996A%26A...315L..27K},
  adsnote = {Provided by the SAO/NASA Astrophysics Data System}
}

@ARTICLE{Madau_1996,
   author = {{Madau}, P. and {Ferguson}, H.~C. and {Dickinson}, M.~E. and 
  {Giavalisco}, M. and {Steidel}, C.~C. and {Fruchter}, A.},
    title = "{High-redshift galaxies in the Hubble Deep Field: colour selection and star formation history to z\~{}4}",
  journal = {\mnras},
   eprint = {astro-ph/9607172},
 keywords = {STARS: FORMATION, GALAXIES: EVOLUTION, INTERGALACTIC MEDIUM, QUASARS: ABSORPTION LINES, COSMOLOGY: OBSERVATIONS, ULTRAVIOLET: GALAXIES},
     year = 1996,
    month = dec,
   volume = 283,
    pages = {1388-1404},
   adsurl = {http://adsabs.harvard.edu/abs/1996MNRAS.283.1388M},
  adsnote = {Provided by the SAO/NASA Astrophysics Data System}
}

@ARTICLE{Bechtold_1997,
   author = {{Bechtold}, J. and {Yee}, H.~K.~C. and {Elston}, R. and {Ellingson}, E.
  },
    title = "{H{$\alpha$} Imaging of the Candidate Protogalaxy MS 1512-cB58}",
  journal = {\apjl},
 keywords = {GALAXIES: EVOLUTION, GALAXIES: INDIVIDUAL ALPHANUMERIC: MS 1512-CB58, GALAXIES: FORMATION, GALAXIES: STARBURST, Galaxies: Evolution, Galaxies: Formation, Galaxies: Individual: Alphanumeric: MS 1512-cB58, Galaxies: Starburst},
     year = 1997,
    month = mar,
   volume = 477,
    pages = {L29-L32},
      doi = {10.1086/310520},
   adsurl = {http://adsabs.harvard.edu/abs/1997ApJ...477L..29B},
  adsnote = {Provided by the SAO/NASA Astrophysics Data System}
}


@ARTICLE{Ellis_1997,
   author = {{Ellis}, R.~S.},
    title = "{Faint Blue Galaxies}",
  journal = {\araa},
   eprint = {astro-ph/9704019},
     year = 1997,
   volume = 35,
    pages = {389-443},
      doi = {10.1146/annurev.astro.35.1.389},
   adsurl = {http://adsabs.harvard.edu/abs/1997ARA%26A..35..389E},
  adsnote = {Provided by the SAO/NASA Astrophysics Data System}
}

@ARTICLE{Fioc_1997,
   author = {{Fioc}, M. and {Rocca-Volmerange}, B.},
    title = "{PEGASE: a UV to NIR spectral evolution model of galaxies. Application to the calibration of bright galaxy counts.}",
  journal = {\aap},
   eprint = {astro-ph/9707017},
 keywords = {GALAXIES: EVOLUTION, INFRARED: GALAXIES, DUST, EXTINCTION, GALAXIES: STELLAR CONTENT, COSMOLOGY: MISCELLANEOUS, GALAXIES: FUNDAMENTAL PARAMETERS},
     year = 1997,
    month = oct,
   volume = 326,
    pages = {950-962},
   adsurl = {http://adsabs.harvard.edu/abs/1997A%26A...326..950F},
  adsnote = {Provided by the SAO/NASA Astrophysics Data System}
}

@ARTICLE{Gibson_1997,
   author = {{Gibson}, B.~K. and {Loewenstein}, M. and {Mushotzky}, R.~F.
  },
    title = "{Supernovae Types Ia/II and intracluster medium enrichment}",
  journal = {\mnras},
   eprint = {astro-ph/9706138},
 keywords = {NUCLEAR REACTIONS, NUCLEOSYNTHESIS, ABUNDANCES, SUPERNOVAE: GENERAL, GALAXIES: ELLIPTICAL AND LENTICULAR, CD, GALAXIES: EVOLUTION, INTERGALACTIC MEDIUM, X-RAYS: GALAXIES},
     year = 1997,
    month = oct,
   volume = 290,
    pages = {623-628},
   adsurl = {http://adsabs.harvard.edu/abs/1997MNRAS.290..623G},
  adsnote = {Provided by the SAO/NASA Astrophysics Data System}
}


@ARTICLE{Kennicutt_1997,
   author = {{Oey}, M.~S. and {Kennicutt}, Jr., R.~C.},
    title = "{Comparison of H II region luminosities with observed stellar ionizing sources in the Large Magellanic Cloud}",
  journal = {\mnras},
   eprint = {astro-ph/9708106},
 keywords = {H Ii Regions, Magellanic Clouds, O Stars, Photoionization, Luminosity, Stellar Radiation, Early Stars, H Alpha Line},
     year = 1997,
    month = nov,
   volume = 291,
    pages = {827},
   adsurl = {http://adsabs.harvard.edu/abs/1997MNRAS.291..827O},
  adsnote = {Provided by the SAO/NASA Astrophysics Data System}
}

@ARTICLE{McGaugh_1997,
   author = {{McGaugh}, S.~S. and {de Blok}, W.~J.~G.},
    title = "{Gas Mass Fractions and the Evolution of Spiral Galaxies}",
  journal = {\apj},
   eprint = {astro-ph/9612070},
 keywords = {Galaxies: Evolution, Galaxies: Fundamental Parameters, Galaxies: ISM, Galaxies: Spiral},
     year = 1997,
    month = may,
   volume = 481,
    pages = {689-702},
   adsurl = {http://adsabs.harvard.edu/abs/1997ApJ...481..689M},
  adsnote = {Provided by the SAO/NASA Astrophysics Data System}
}

@ARTICLE{Kennicutt_1998a,
   author = {{Kennicutt}, Jr., R.~C.},
    title = "{The Global Schmidt Law in Star-forming Galaxies}",
  journal = {\apj},
   eprint = {astro-ph/9712213},
 keywords = {GALAXIES: EVOLUTION, GALAXIES: ISM, GALAXIES: SPIRAL, GALAXIES: STELLAR CONTENT, GALAXIES: STARBURST, STARS: FORMATION, Galaxies: Evolution, Galaxies: ISM, Galaxies: Spiral, Galaxies: Starburst, Galaxies: Stellar Content, Stars: Formation},
     year = 1998,
    month = may,
   volume = 498,
    pages = {541-552},
      doi = {10.1086/305588},
   adsurl = {http://adsabs.harvard.edu/abs/1998ApJ...498..541K},
  adsnote = {Provided by the SAO/NASA Astrophysics Data System}
}

@ARTICLE{Kennicutt_1998b,
   author = {{Kennicutt}, Jr., R.~C.},
    title = "{Star Formation in Galaxies Along the Hubble Sequence}",
  journal = {\araa},
   eprint = {astro-ph/9807187},
     year = 1998,
   volume = 36,
    pages = {189-232},
      doi = {10.1146/annurev.astro.36.1.189},
   adsurl = {http://adsabs.harvard.edu/abs/1998ARA%26A..36..189K},
  adsnote = {Provided by the SAO/NASA Astrophysics Data System}
}


@ARTICLE{Kobulnicky_1999,
   author = {{Kobulnicky}, H.~A. and {Kennicutt}, Jr., R.~C. and {Pizagno}, J.~L.
  },
    title = "{On Measuring Nebular Chemical Abundances in Distant Galaxies Using Global Emission-Line Spectra}",
  journal = {\apj},
   eprint = {astro-ph/9811006},
 keywords = {COSMOLOGY: OBSERVATIONS, GALAXIES: ABUNDANCES, GALAXIES: ISM, GALAXIES: SPIRAL, H II REGIONS, ISM: ABUNDANCES, TECHNIQUES: SPECTROSCOPIC, Cosmology: Observations, Galaxies: Abundances, galaxies: ISM, galaxies: spiral, H II regions, ISM: Abundances, techniques: spectroscopic},
     year = 1999,
    month = apr,
   volume = 514,
    pages = {544-557},
      doi = {10.1086/306987},
   adsurl = {http://adsabs.harvard.edu/abs/1999ApJ...514..544K},
  adsnote = {Provided by the SAO/NASA Astrophysics Data System}
}


@ARTICLE{Leitherer_1999,
   author = {{Leitherer}, C. and {Schaerer}, D. and {Goldader}, J.~D. and 
  {Delgado}, R.~M.~G. and {Robert}, C. and {Kune}, D.~F. and {de Mello}, D.~F. and 
  {Devost}, D. and {Heckman}, T.~M.},
    title = "{Starburst99: Synthesis Models for Galaxies with Active Star Formation}",
  journal = {\apjs},
   eprint = {astro-ph/9902334},
 keywords = {GALAXIES: EVOLUTION, GALAXIES: FUNDAMENTAL PARAMETERS, GALAXIES: STARBURST, GALAXIES: STELLAR CONTENT, METHODS: NUMERICAL, Galaxies: Evolution, Galaxies: Fundamental Parameters, Galaxies: Starburst, Galaxies: Stellar Content, Methods: Numerical},
     year = 1999,
    month = jul,
   volume = 123,
    pages = {3-40},
      doi = {10.1086/313233},
   adsurl = {http://adsabs.harvard.edu/abs/1999ApJS..123....3L},
  adsnote = {Provided by the SAO/NASA Astrophysics Data System}
}

@ARTICLE{Bell_2000,
   author = {{Bell}, E.~F. and {de Jong}, R.~S.},
    title = "{The stellar populations of spiral galaxies}",
  journal = {\mnras},
   eprint = {astro-ph/9909402},
 keywords = {GALAXIES: ABUNDANCES, GALAXIES: EVOLUTION, GALAXIES: GENERAL, GALAXIES: SPIRAL, GALAXIES: STELLAR CONTENT, GALAXIES: STRUCTURE},
     year = 2000,
    month = mar,
   volume = 312,
    pages = {497-520},
      doi = {10.1046/j.1365-8711.2000.03138.x},
   adsurl = {http://adsabs.harvard.edu/abs/2000MNRAS.312..497B},
  adsnote = {Provided by the SAO/NASA Astrophysics Data System}
}


@ARTICLE{Calzetti_2000,
   author = {{Calzetti}, D. and {Armus}, L. and {Bohlin}, R.~C. and {Kinney}, A.~L. and 
  {Koornneef}, J. and {Storchi-Bergmann}, T.},
    title = "{The Dust Content and Opacity of Actively Star-forming Galaxies}",
  journal = {\apj},
   eprint = {astro-ph/9911459},
 keywords = {GALAXIES: STARBURST, INFRARED: GALAXIES, INFRARED: ISM: CONTINUUM, ISM: DUST, EXTINCTION},
     year = 2000,
    month = apr,
   volume = 533,
    pages = {682-695},
      doi = {10.1086/308692},
   adsurl = {http://adsabs.harvard.edu/abs/2000ApJ...533..682C},
  adsnote = {Provided by the SAO/NASA Astrophysics Data System}
}


@ARTICLE{Dopita_2000,
   author = {{Dopita}, M.~A. and {Kewley}, L.~J. and {Heisler}, C.~A. and 
  {Sutherland}, R.~S.},
    title = "{A Theoretical Recalibration of the Extragalactic H II Region Sequence}",
  journal = {\apj},
 keywords = {Galaxies: Abundances, Galaxies: Evolution, ISM: H II Regions, ISM: Abundances},
     year = 2000,
    month = oct,
   volume = 542,
    pages = {224-234},
      doi = {10.1086/309538},
   adsurl = {http://adsabs.harvard.edu/abs/2000ApJ...542..224D},
  adsnote = {Provided by the SAO/NASA Astrophysics Data System}
}

@ARTICLE{Ellison_2000,
   author = {{Ellison}, S.~L. and {Songaila}, A. and {Schaye}, J. and {Pettini}, M.
  },
    title = "{The Enrichment History of the Intergalactic Medium-Measuring the C IV/H I Ratio in the Ly{$\alpha$} Forest}",
  journal = {\aj},
   eprint = {astro-ph/0005448},
 keywords = {Galaxies: Formation, Galaxies: Intergalactic Medium, Galaxies: Quasars: Absorption Lines, quasars: individual (Q1422+231)},
     year = 2000,
    month = sep,
   volume = 120,
    pages = {1175-1191},
      doi = {10.1086/301511},
   adsurl = {http://adsabs.harvard.edu/abs/2000AJ....120.1175E},
  adsnote = {Provided by the SAO/NASA Astrophysics Data System}
}


@ARTICLE{Boselli_2001,
   author = {{Boselli}, A. and {Gavazzi}, G. and {Donas}, J. and {Scodeggio}, M.
  },
    title = "{1.65 Micron (H Band) Surface Photometry of Galaxies. VI. The History of Star Formation in Normal Late-Type Galaxies}",
  journal = {\aj},
   eprint = {astro-ph/0011016},
 keywords = {Galaxies: Evolution, Galaxies: General, Galaxies: ISM, Galaxies: Spiral, Stars: Formation, Ultraviolet Emission},
     year = 2001,
    month = feb,
   volume = 121,
    pages = {753-767},
      doi = {10.1086/318734},
   adsurl = {http://adsabs.harvard.edu/abs/2001AJ....121..753B},
  adsnote = {Provided by the SAO/NASA Astrophysics Data System}
}


@ARTICLE{Charlot_2001,
   author = {{Charlot}, S. and {Longhetti}, M.},
    title = "{Nebular emission from star-forming galaxies}",
  journal = {\mnras},
   eprint = {astro-ph/0101097},
 keywords = {GALAXIES: GENERAL, GALAXIES: ISM, GALAXIES: STELLAR CONTENT},
     year = 2001,
    month = may,
   volume = 323,
    pages = {887-903},
      doi = {10.1046/j.1365-8711.2001.04260.x},
   adsurl = {http://adsabs.harvard.edu/abs/2001MNRAS.323..887C},
  adsnote = {Provided by the SAO/NASA Astrophysics Data System}
}

@ARTICLE{Kewley_2001,
   author = {{Kewley}, L.~J. and {Dopita}, M.~A. and {Sutherland}, R.~S. and 
  {Heisler}, C.~A. and {Trevena}, J.},
    title = "{Theoretical Modeling of Starburst Galaxies}",
  journal = {\apj},
   eprint = {astro-ph/0106324},
 keywords = {Galaxies: Starburst, Radiation Mechanisms: Thermal},
     year = 2001,
    month = jul,
   volume = 556,
    pages = {121-140},
      doi = {10.1086/321545},
   adsurl = {http://adsabs.harvard.edu/abs/2001ApJ...556..121K},
  adsnote = {Provided by the SAO/NASA Astrophysics Data System}
}

@ARTICLE{Papovich_2001,
   author = {{Papovich}, C. and {Dickinson}, M. and {Ferguson}, H.~C.},
    title = "{The Stellar Populations and Evolution of Lyman Break Galaxies}",
  journal = {\apj},
   eprint = {astro-ph/0105087},
 keywords = {Galaxies: Evolution, Galaxies: High-Redshift, Galaxies: Starburst, Galaxies: Stellar Content, Infrared: Galaxies},
     year = 2001,
    month = oct,
   volume = 559,
    pages = {620-653},
      doi = {10.1086/322412},
   adsurl = {http://adsabs.harvard.edu/abs/2001ApJ...559..620P},
  adsnote = {Provided by the SAO/NASA Astrophysics Data System}
}

@INPROCEEDINGS{Heckman_2002,
   author = {{Heckman}, T.~M.},
    title = "{Galactic Superwinds Circa 2001}",
booktitle = {Extragalactic Gas at Low Redshift},
     year = 2002,
   series = {Astronomical Society of the Pacific Conference Series},
   volume = 254,
   eprint = {astro-ph/0107438},
   editor = {{Mulchaey}, J.~S. and {Stocke}, J.~T.},
    pages = {292},
   adsurl = {http://adsabs.harvard.edu/abs/2002ASPC..254..292H},
  adsnote = {Provided by the SAO/NASA Astrophysics Data System}
}


@ARTICLE{Kewley_2002,
   author = {{Kewley}, L.~J. and {Dopita}, M.~A.},
    title = "{Using Strong Lines to Estimate Abundances in Extragalactic H II Regions and Starburst Galaxies}",
  journal = {\apjs},
   eprint = {astro-ph/0206495},
 keywords = {Galaxies: Abundances, Galaxies: Evolution, Galaxies: Starburst, ISM: Abundances},
     year = 2002,
    month = sep,
   volume = 142,
    pages = {35-52},
      doi = {10.1086/341326},
   adsurl = {http://adsabs.harvard.edu/abs/2002ApJS..142...35K},
  adsnote = {Provided by the SAO/NASA Astrophysics Data System}
}

@ARTICLE{Mehlert_2002,
   author = {{Mehlert}, D. and {Noll}, S. and {Appenzeller}, I. and {Saglia}, R.~P. and 
  {Bender}, R. and {B{\"o}hm}, A. and {Drory}, N. and {Fricke}, K. and 
  {Gabasch}, A. and {Heidt}, J. and {Hopp}, U. and {J{\"a}ger}, K. and 
  {M{\"o}llenhoff}, C. and {Seitz}, S. and {Stahl}, O. and {Ziegler}, B.
  },
    title = "{Evidence for chemical evolution in the spectra of high redshift galaxies}",
  journal = {\aap},
   eprint = {astro-ph/0208231},
 keywords = {galaxies: starburst, galaxies: evolution, galaxies: formation, galaxies: stellar content, galaxies: fundamental parameters},
     year = 2002,
    month = oct,
   volume = 393,
    pages = {809-819},
      doi = {10.1051/0004-6361:20021052},
   adsurl = {http://adsabs.harvard.edu/abs/2002A%26A...393..809M},
  adsnote = {Provided by the SAO/NASA Astrophysics Data System}
}

@INPROCEEDINGS{Stasinska_2002,
   author = {{Stasi{\'n}ska}, G.},
    title = "{The Electron Temperature in Ionized Nebulae}",
 keywords = {H II REGIONS, ISM: ABUNDANCES, PLANETARY NEBULAE},
booktitle = {Revista Mexicana de Astronomia y Astrofisica Conference Series},
     year = 2002,
   series = {Revista Mexicana de Astronomia y Astrofisica, vol. 27},
   volume = 12,
   eprint = {astro-ph/0102403},
   editor = {{Henney}, W.~J. and {Franco}, J. and {Martos}, M.},
    month = feb,
    pages = {62-69},
   adsurl = {http://adsabs.harvard.edu/abs/2002RMxAC..12...62S},
  adsnote = {Provided by the SAO/NASA Astrophysics Data System}
}

@ARTICLE{Wong_2002,
   author = {{Wong}, T. and {Blitz}, L.},
    title = "{The Relationship between Gas Content and Star Formation in Molecule-rich Spiral Galaxies}",
  journal = {\apj},
   eprint = {astro-ph/0112204},
 keywords = {Galaxies: Evolution, Galaxies: ISM, Stars: Formation},
     year = 2002,
    month = apr,
   volume = 569,
    pages = {157-183},
      doi = {10.1086/339287},
   adsurl = {http://adsabs.harvard.edu/abs/2002ApJ...569..157W},
  adsnote = {Provided by the SAO/NASA Astrophysics Data System}
}

@ARTICLE{Blanton_2003,
   author = {{Blanton}, M.~R. and {Brinkmann}, J. and {Csabai}, I. and {Doi}, M. and 
  {Eisenstein}, D. and {Fukugita}, M. and {Gunn}, J.~E. and {Hogg}, D.~W. and 
  {Schlegel}, D.~J.},
    title = "{Estimating Fixed-Frame Galaxy Magnitudes in the Sloan Digital Sky Survey}",
  journal = {\aj},
   eprint = {astro-ph/0205243},
 keywords = {Galaxies: Fundamental Parameters, Galaxies: Photometry, Galaxies: Statistics},
     year = 2003,
    month = may,
   volume = 125,
    pages = {2348-2360},
      doi = {10.1086/342935},
   adsurl = {http://adsabs.harvard.edu/abs/2003AJ....125.2348B},
  adsnote = {Provided by the SAO/NASA Astrophysics Data System}
}


@ARTICLE{Bruzual_2003,
   author = {{Bruzual}, G. and {Charlot}, S.},
    title = "{Stellar population synthesis at the resolution of 2003}",
  journal = {\mnras},
   eprint = {astro-ph/0309134},
 keywords = {stars: evolution, galaxies: evolution, galaxies: formation, galaxies: stellar content},
     year = 2003,
    month = oct,
   volume = 344,
    pages = {1000-1028},
      doi = {10.1046/j.1365-8711.2003.06897.x},
   adsurl = {http://adsabs.harvard.edu/abs/2003MNRAS.344.1000B},
  adsnote = {Provided by the SAO/NASA Astrophysics Data System}
}


@ARTICLE{Chabrier_2003,
   author = {{Chabrier}, G.},
    title = "{Galactic Stellar and Substellar Initial Mass Function}",
  journal = {\pasp},
   eprint = {astro-ph/0304382},
 keywords = {Galaxies: Luminosity Function, Mass Function, Invited Reviews},
     year = 2003,
    month = jul,
   volume = 115,
    pages = {763-795},
      doi = {10.1086/376392},
   adsurl = {http://adsabs.harvard.edu/abs/2003PASP..115..763C},
  adsnote = {Provided by the SAO/NASA Astrophysics Data System}
}

@ARTICLE{Kauffman_2003,
   author = {{Kauffmann}, G. and {Heckman}, T.~M. and {White}, S.~D.~M. and 
  {Charlot}, S. and {Tremonti}, C. and {Brinchmann}, J. and {Bruzual}, G. and 
  {Peng}, E.~W. and {Seibert}, M. and {Bernardi}, M. and {Blanton}, M. and 
  {Brinkmann}, J. and {Castander}, F. and {Cs{\'a}bai}, I. and 
  {Fukugita}, M. and {Ivezic}, Z. and {Munn}, J.~A. and {Nichol}, R.~C. and 
  {Padmanabhan}, N. and {Thakar}, A.~R. and {Weinberg}, D.~H. and 
  {York}, D.},
    title = "{Stellar masses and star formation histories for 10$^{5}$ galaxies from the Sloan Digital Sky Survey}",
  journal = {\mnras},
   eprint = {astro-ph/0204055},
 keywords = {galaxies: evolution, galaxies: formation, galaxies: stellar content},
     year = 2003,
    month = may,
   volume = 341,
    pages = {33-53},
      doi = {10.1046/j.1365-8711.2003.06291.x},
   adsurl = {http://adsabs.harvard.edu/abs/2003MNRAS.341...33K},
  adsnote = {Provided by the SAO/NASA Astrophysics Data System}
}

@ARTICLE{Brinchman_2004,
   author = {{Brinchmann}, J. and {Charlot}, S. and {White}, S.~D.~M. and 
  {Tremonti}, C. and {Kauffmann}, G. and {Heckman}, T. and {Brinkmann}, J.
  },
    title = "{The physical properties of star-forming galaxies in the low-redshift Universe}",
  journal = {\mnras},
   eprint = {astro-ph/0311060},
 keywords = {surveys, galaxies: abundances, galaxies: evolution, galaxies: fundamental parameters, galaxies: general},
     year = 2004,
    month = jul,
   volume = 351,
    pages = {1151-1179},
      doi = {10.1111/j.1365-2966.2004.07881.x},
   adsurl = {http://adsabs.harvard.edu/abs/2004MNRAS.351.1151B},
  adsnote = {Provided by the SAO/NASA Astrophysics Data System}
}



@ARTICLE{Pettini_2004,
   author = {{Pettini}, M. and {Pagel}, B.~E.~J.},
    title = "{[OIII]/[NII] as an abundance indicator at high redshift}",
  journal = {\mnras},
   eprint = {astro-ph/0401128},
 keywords = {ISM: abundances, HII regions, galaxies: abundances},
     year = 2004,
    month = mar,
   volume = 348,
    pages = {L59-L63},
      doi = {10.1111/j.1365-2966.2004.07591.x},
   adsurl = {http://adsabs.harvard.edu/abs/2004MNRAS.348L..59P},
  adsnote = {Provided by the SAO/NASA Astrophysics Data System}
}

@ARTICLE{Rix_2004,
   author = {{Rix}, S.~A. and {Pettini}, M. and {Leitherer}, C. and {Bresolin}, F. and 
  {Kudritzki}, R.-P. and {Steidel}, C.~C.},
    title = "{Spectral Modeling of Star-forming Regions in the Ultraviolet: Stellar Metallicity Diagnostics for High-Redshift Galaxies}",
  journal = {\apj},
   eprint = {astro-ph/0407296},
 keywords = {Cosmology: Observations, Galaxies: Abundances, Galaxies: Evolution, Galaxies: High-Redshift, Galaxies: Starburst, Stars: Early-Type},
     year = 2004,
    month = nov,
   volume = 615,
    pages = {98-117},
      doi = {10.1086/424031},
   adsurl = {http://adsabs.harvard.edu/abs/2004ApJ...615...98R},
  adsnote = {Provided by the SAO/NASA Astrophysics Data System}
}


@ARTICLE{Savaglio_2004,
   author = {{Savaglio}, S. and {Glazebrook}, K. and {Abraham}, R.~G. and 
  {Crampton}, D. and {Chen}, H.-W. and {McCarthy}, P.~J.~P. and 
  {J{\o}rgensen}, I. and {Roth}, K.~C. and {Hook}, I.~M. and {Marzke}, R.~O. and 
  {Murowinski}, R.~G. and {Carlberg}, R.~G.},
    title = "{The Gemini Deep Deep Survey. II. Metals in Star-forming Galaxies at Redshift 1.3{\lt}z{\lt}2}",
  journal = {\apj},
   eprint = {astro-ph/0310437},
 keywords = {Cosmology: Observations, Galaxies: Abundances, Galaxies: High-Redshift, Galaxies: ISM},
     year = 2004,
    month = feb,
   volume = 602,
    pages = {51-65},
      doi = {10.1086/380903},
   adsurl = {http://adsabs.harvard.edu/abs/2004ApJ...602...51S},
  adsnote = {Provided by the SAO/NASA Astrophysics Data System}
}


@ARTICLE{Tremonti_2004,
   author = {{Tremonti}, C.~A. and {Heckman}, T.~M. and {Kauffmann}, G. and 
  {Brinchmann}, J. and {Charlot}, S. and {White}, S.~D.~M. and 
  {Seibert}, M. and {Peng}, E.~W. and {Schlegel}, D.~J. and {Uomoto}, A. and 
  {Fukugita}, M. and {Brinkmann}, J.},
    title = "{The Origin of the Mass-Metallicity Relation: Insights from 53,000 Star-forming Galaxies in the Sloan Digital Sky Survey}",
  journal = {\apj},
   eprint = {astro-ph/0405537},
 keywords = {Galaxies: Abundances, Galaxies: Evolution, Galaxies: Fundamental Parameters, Galaxies: Statistics},
     year = 2004,
    month = oct,
   volume = 613,
    pages = {898-913},
      doi = {10.1086/423264},
   adsurl = {http://adsabs.harvard.edu/abs/2004ApJ...613..898T},
  adsnote = {Provided by the SAO/NASA Astrophysics Data System}
}

@ARTICLE{Maraston_2005,
   author = {{Maraston}, C.},
    title = "{Evolutionary population synthesis: models, analysis of the ingredients and application to high-z galaxies}",
  journal = {\mnras},
   eprint = {astro-ph/0410207},
 keywords = {stars: AGB and post-AGB, stars: evolution, galaxies: evolution, galaxies: stellar content, cosmology: early Universe},
     year = 2005,
    month = sep,
   volume = 362,
    pages = {799-825},
      doi = {10.1111/j.1365-2966.2005.09270.x},
   adsurl = {http://adsabs.harvard.edu/abs/2005MNRAS.362..799M},
  adsnote = {Provided by the SAO/NASA Astrophysics Data System}
}


@ARTICLE{Martin_2005,
   author = {{Martin}, D.~C. and {Fanson}, J. and {Schiminovich}, D. and 
  {Morrissey}, P. and {Friedman}, P.~G. and {Barlow}, T.~A. and 
  {Conrow}, T. and {Grange}, R. and {Jelinsky}, P.~N. and {Milliard}, B. and 
  {Siegmund}, O.~H.~W. and {Bianchi}, L. and {Byun}, Y.-I. and 
  {Donas}, J. and {Forster}, K. and {Heckman}, T.~M. and {Lee}, Y.-W. and 
  {Madore}, B.~F. and {Malina}, R.~F. and {Neff}, S.~G. and {Rich}, R.~M. and 
  {Small}, T. and {Surber}, F. and {Szalay}, A.~S. and {Welsh}, B. and 
  {Wyder}, T.~K.},
    title = "{The Galaxy Evolution Explorer: A Space Ultraviolet Survey Mission}",
  journal = {\apjl},
   eprint = {astro-ph/0411302},
 keywords = {Galaxies: Evolution, Galaxies: General, Space Vehicles: Instruments, Surveys, Ultraviolet: Galaxies, Ultraviolet: General},
     year = 2005,
    month = jan,
   volume = 619,
    pages = {L1-L6},
      doi = {10.1086/426387},
   adsurl = {http://adsabs.harvard.edu/abs/2005ApJ...619L...1M},
  adsnote = {Provided by the SAO/NASA Astrophysics Data System}
}

@ARTICLE{Salzer_2005,
   author = {{Salzer}, J.~J. and {Lee}, J.~C. and {Melbourne}, J. and {Hinz}, J.~L. and 
  {Alonso-Herrero}, A. and {Jangren}, A.},
    title = "{Metal Abundances of KISS Galaxies. IV. Galaxian Luminosity-Metallicity Relations in the Optical and Near-Infrared}",
  journal = {\apj},
   eprint = {astro-ph/0502202},
 keywords = {Galaxies: Abundances, Galaxies: Starburst},
     year = 2005,
    month = may,
   volume = 624,
    pages = {661-679},
      doi = {10.1086/429386},
   adsurl = {http://adsabs.harvard.edu/abs/2005ApJ...624..661S},
  adsnote = {Provided by the SAO/NASA Astrophysics Data System}
}


@ARTICLE{Savaglio_2005,
   author = {{Savaglio}, S. and {Glazebrook}, K. and {Le Borgne}, D. and 
  {Juneau}, S. and {Abraham}, R.~G. and {Chen}, H.-W. and {Crampton}, D. and 
  {McCarthy}, P.~J. and {Carlberg}, R.~G. and {Marzke}, R.~O. and 
  {Roth}, K. and {J{\o}rgensen}, I. and {Murowinski}, R.},
    title = "{The Gemini Deep Deep Survey. VII. The Redshift Evolution of the Mass-Metallicity Relation}",
  journal = {\apj},
   eprint = {astro-ph/0508407},
 keywords = {Cosmology: Observations, Galaxies: Abundances, Galaxies: Evolution, Galaxies: Fundamental Parameters, Galaxies: ISM, ISM: H II Regions},
     year = 2005,
    month = dec,
   volume = 635,
    pages = {260-279},
      doi = {10.1086/497331},
   adsurl = {http://adsabs.harvard.edu/abs/2005ApJ...635..260S},
  adsnote = {Provided by the SAO/NASA Astrophysics Data System}
}

@ARTICLE{Shapley_2005,
   author = {{Shapley}, A.~E. and {Steidel}, C.~C. and {Erb}, D.~K. and {Reddy}, N.~A. and 
  {Adelberger}, K.~L. and {Pettini}, M. and {Barmby}, P. and {Huang}, J.
  },
    title = "{Ultraviolet to Mid-Infrared Observations of Star-forming Galaxies at z\~{}2: Stellar Masses and Stellar Populations}",
  journal = {\apj},
   eprint = {astro-ph/0503485},
 keywords = {Cosmology: Observations, Galaxies: Evolution, Galaxies: High-Redshift, Galaxies: Starburst, Stars: Formation},
     year = 2005,
    month = jun,
   volume = 626,
    pages = {698-722},
      doi = {10.1086/429990},
   adsurl = {http://adsabs.harvard.edu/abs/2005ApJ...626..698S},
  adsnote = {Provided by the SAO/NASA Astrophysics Data System}
}


@ARTICLE{Erb_2006,
   author = {{Erb}, D.~K. and {Shapley}, A.~E. and {Pettini}, M. and {Steidel}, C.~C. and 
  {Reddy}, N.~A. and {Adelberger}, K.~L.},
    title = "{The Mass-Metallicity Relation at z{\gt}\~{}2}",
  journal = {\apj},
   eprint = {astro-ph/0602473},
 keywords = {Galaxies: Abundances, Galaxies: Evolution, Galaxies: High-Redshift},
     year = 2006,
    month = jun,
   volume = 644,
    pages = {813-828},
      doi = {10.1086/503623},
   adsurl = {http://adsabs.harvard.edu/abs/2006ApJ...644..813E},
  adsnote = {Provided by the SAO/NASA Astrophysics Data System}
}

@ARTICLE{Erb_2006a,
   author = {{Erb}, D.~K. and {Steidel}, C.~C. and {Shapley}, A.~E. and {Pettini}, M. and 
  {Reddy}, N.~A. and {Adelberger}, K.~L.},
    title = "{The Stellar, Gas, and Dynamical Masses of Star-forming Galaxies at z \~{} 2}",
  journal = {\apj},
   eprint = {astro-ph/0604041},
 keywords = {Galaxies: Evolution, Galaxies: High-Redshift, Galaxies: Kinematics and Dynamics},
     year = 2006,
    month = jul,
   volume = 646,
    pages = {107-132},
      doi = {10.1086/504891},
   adsurl = {http://adsabs.harvard.edu/abs/2006ApJ...646..107E},
  adsnote = {Provided by the SAO/NASA Astrophysics Data System}
}


@ARTICLE{Liang_2006,
   author = {{Liang}, Y.~C. and {Yin}, S.~Y. and {Hammer}, F. and {Deng}, L.~C. and 
  {Flores}, H. and {Zhang}, B.},
    title = "{The Oxygen Abundance Calibrations and N/O Abundance Ratios of \~{}40,000 SDSS Star-forming Galaxies}",
  journal = {\apj},
   eprint = {astro-ph/0607074},
 keywords = {Galaxies: Abundances, Galaxies: Evolution, Galaxies: ISM, Galaxies: Spiral, Galaxies: Starburst},
     year = 2006,
    month = nov,
   volume = 652,
    pages = {257-269},
      doi = {10.1086/507592},
   adsurl = {http://adsabs.harvard.edu/abs/2006ApJ...652..257L},
  adsnote = {Provided by the SAO/NASA Astrophysics Data System}
}

@ARTICLE{Mehlert_2006,
   author = {{Mehlert}, D. and {Tapken}, C. and {Appenzeller}, I. and {Noll}, S. and 
  {de Mello}, D. and {Heckman}, T.~M.},
    title = "{Medium-resolution spectroscopy of galaxies with redshifts 2.3 {\lt} z {\lt} 3.5}",
  journal = {\aap},
   eprint = {astro-ph/0605081},
 keywords = {galaxies: high-redshift, galaxies: starburst, galaxies: abundances, galaxies: evolution},
     year = 2006,
    month = sep,
   volume = 455,
    pages = {835-843},
      doi = {10.1051/0004-6361:20054066},
   adsurl = {http://adsabs.harvard.edu/abs/2006A%26A...455..835M},
  adsnote = {Provided by the SAO/NASA Astrophysics Data System}
}

@ARTICLE{Moustakas_2006,
   author = {{Moustakas}, J. and {Kennicutt}, Jr., R.~C. and {Tremonti}, C.~A.
  },
    title = "{Optical Star Formation Rate Indicators}",
  journal = {\apj},
   eprint = {astro-ph/0511730},
 keywords = {Galaxies: Abundances, Galaxies: Evolution, Galaxies: Formation, Galaxies: ISM},
     year = 2006,
    month = may,
   volume = 642,
    pages = {775-796},
      doi = {10.1086/500964},
   adsurl = {http://adsabs.harvard.edu/abs/2006ApJ...642..775M},
  adsnote = {Provided by the SAO/NASA Astrophysics Data System}
}


@ARTICLE{Brooks_2007,
   author = {{Brooks}, A.~M. and {Governato}, F. and {Booth}, C.~M. and {Willman}, B. and 
  {Gardner}, J.~P. and {Wadsley}, J. and {Stinson}, G. and {Quinn}, T.
  },
    title = "{The Origin and Evolution of the Mass-Metallicity Relationship for Galaxies: Results from Cosmological N-Body Simulations}",
  journal = {\apjl},
   eprint = {astro-ph/0609620},
 keywords = {Galaxies: Evolution, Galaxies: Formation, Methods: n-Body Simulations},
     year = 2007,
    month = jan,
   volume = 655,
    pages = {L17-L20},
      doi = {10.1086/511765},
   adsurl = {http://adsabs.harvard.edu/abs/2007ApJ...655L..17B},
  adsnote = {Provided by the SAO/NASA Astrophysics Data System}
}

@ARTICLE{deRossi_2007,
   author = {{de Rossi}, M.~E. and {Tissera}, P.~B. and {Scannapieco}, C.
  },
    title = "{Clues for the origin of the fundamental metallicity relations - I. The hierarchical building up of the structure}",
  journal = {\mnras},
   eprint = {astro-ph/0609243},
 keywords = {galaxies: abundances, galaxies: evolution, galaxies: formation, cosmology: theory},
     year = 2007,
    month = jan,
   volume = 374,
    pages = {323-336},
      doi = {10.1111/j.1365-2966.2006.11150.x},
   adsurl = {http://adsabs.harvard.edu/abs/2007MNRAS.374..323D},
  adsnote = {Provided by the SAO/NASA Astrophysics Data System}
}



@ARTICLE{Gehrz_2007,
   author = {{Gehrz}, R.~D. and {Roellig}, T.~L. and {Werner}, M.~W. and 
  {Fazio}, G.~G. and {Houck}, J.~R. and {Low}, F.~J. and {Rieke}, G.~H. and 
  {Soifer}, B.~T. and {Levine}, D.~A. and {Romana}, E.~A.},
    title = "{The NASA Spitzer Space Telescope}",
  journal = {Review of Scientific Instruments},
 keywords = {Space-based ultraviolet optical and infrared telescopes},
     year = 2007,
    month = jan,
   volume = 78,
   number = 1,
    pages = {011302},
      doi = {10.1063/1.2431313},
   adsurl = {http://adsabs.harvard.edu/abs/2007RScI...78a1302G},
  adsnote = {Provided by the SAO/NASA Astrophysics Data System}
}



@ARTICLE{Governato_2007,
   author = {{Governato}, F. and {Willman}, B. and {Mayer}, L. and {Brooks}, A. and 
  {Stinson}, G. and {Valenzuela}, O. and {Wadsley}, J. and {Quinn}, T.
  },
    title = "{Forming disc galaxies in {$\Lambda$}CDM simulations}",
  journal = {\mnras},
   eprint = {astro-ph/0602351},
 keywords = {methods: N-body simulations, galaxies: evolution, galaxies: formation},
     year = 2007,
    month = feb,
   volume = 374,
    pages = {1479-1494},
      doi = {10.1111/j.1365-2966.2006.11266.x},
   adsurl = {http://adsabs.harvard.edu/abs/2007MNRAS.374.1479G},
  adsnote = {Provided by the SAO/NASA Astrophysics Data System}
}


@ARTICLE{Kobayashi_2007,
   author = {{Kobayashi}, C. and {Springel}, V. and {White}, S.~D.~M.},
    title = "{Simulations of Cosmic Chemical Enrichment}",
  journal = {\mnras},
   eprint = {astro-ph/0604107},
 keywords = {methods: N-body simulations, galaxies: abundances, galaxies: evolution, galaxies: formation},
     year = 2007,
    month = apr,
   volume = 376,
    pages = {1465-1479},
      doi = {10.1111/j.1365-2966.2007.11555.x},
   adsurl = {http://adsabs.harvard.edu/abs/2007MNRAS.376.1465K},
  adsnote = {Provided by the SAO/NASA Astrophysics Data System}
}

@ARTICLE{Percival_2007,
   author = {{Percival}, W.~J. and {Cole}, S. and {Eisenstein}, D.~J. and 
	{Nichol}, R.~C. and {Peacock}, J.~A. and {Pope}, A.~C. and {Szalay}, A.~S.
	},
    title = "{Measuring the Baryon Acoustic Oscillation scale using the Sloan Digital Sky Survey and 2dF Galaxy Redshift Survey}",
  journal = {\mnras},
archivePrefix = "arXiv",
   eprint = {0705.3323},
 keywords = {cosmology: observations, distance scale, large-scale structure of Universe},
     year = 2007,
    month = nov,
   volume = 381,
    pages = {1053-1066},
      doi = {10.1111/j.1365-2966.2007.12268.x},
   adsurl = {http://adsabs.harvard.edu/abs/2007MNRAS.381.1053P},
  adsnote = {Provided by the SAO/NASA Astrophysics Data System}
}

@ARTICLE{Kewley_2008,
   author = {{Kewley}, L.~J. and {Ellison}, S.~L.},
    title = "{Metallicity Calibrations and the Mass-Metallicity Relation for Star-forming Galaxies}",
  journal = {\apj},
archivePrefix = "arXiv",
   eprint = {0801.1849},
 keywords = {Galaxies: Abundances, Galaxies: Fundamental Parameters, Galaxies: Spiral, Galaxies: Starburst, Techniques: Spectroscopic},
     year = 2008,
    month = jul,
   volume = 681,
    pages = {1183-1204},
      doi = {10.1086/587500},
   adsurl = {http://adsabs.harvard.edu/abs/2008ApJ...681.1183K},
  adsnote = {Provided by the SAO/NASA Astrophysics Data System}
}

@ARTICLE{Maiolino_2008,
   author = {{Maiolino}, R. and {Nagao}, T. and {Grazian}, A. and {Cocchia}, F. and 
  {Marconi}, A. and {Mannucci}, F. and {Cimatti}, A. and {Pipino}, A. and 
  {Ballero}, S. and {Calura}, F. and {Chiappini}, C. and {Fontana}, A. and 
  {Granato}, G.~L. and {Matteucci}, F. and {Pastorini}, G. and 
  {Pentericci}, L. and {Risaliti}, G. and {Salvati}, M. and {Silva}, L.
  },
    title = "{AMAZE. I. The evolution of the mass-metallicity relation at z {\gt} 3}",
  journal = {\aap},
archivePrefix = "arXiv",
   eprint = {0806.2410},
 keywords = {ISM: abundances, galaxies: abundances, galaxies: evolution, galaxies: high-redshift, galaxies: starburst},
     year = 2008,
    month = sep,
   volume = 488,
    pages = {463-479},
      doi = {10.1051/0004-6361:200809678},
   adsurl = {http://adsabs.harvard.edu/abs/2008A%26A...488..463M},
  adsnote = {Provided by the SAO/NASA Astrophysics Data System}
}


@ARTICLE{Conroy_2009,
   author = {{Conroy}, C. and {Gunn}, J.~E. and {White}, M.},
    title = "{The Propagation of Uncertainties in Stellar Population Synthesis Modeling. I. The Relevance of Uncertain Aspects of Stellar Evolution and the Initial Mass Function to the Derived Physical Properties of Galaxies}",
  journal = {\apj},
archivePrefix = "arXiv",
   eprint = {0809.4261},
 keywords = {galaxies: evolution, galaxies: stellar content, stars: evolution},
     year = 2009,
    month = jul,
   volume = 699,
    pages = {486-506},
      doi = {10.1088/0004-637X/699/1/486},
   adsurl = {http://adsabs.harvard.edu/abs/2009ApJ...699..486C},
  adsnote = {Provided by the SAO/NASA Astrophysics Data System}
}


@ARTICLE{Bouwens_2010,
   author = {{Bouwens}, R.~J. and {Illingworth}, G.~D. and {Oesch}, P.~A. and 
  {Stiavelli}, M. and {van Dokkum}, P. and {Trenti}, M. and {Magee}, D. and 
  {Labb{\'e}}, I. and {Franx}, M. and {Carollo}, C.~M. and {Gonzalez}, V.
  },
    title = "{Discovery of z \~{} 8 Galaxies in the Hubble Ultra Deep Field from Ultra-Deep WFC3/IR Observations}",
  journal = {\apjl},
archivePrefix = "arXiv",
   eprint = {0909.1803},
 primaryClass = "astro-ph.CO",
 keywords = {galaxies: evolution, galaxies: high-redshift},
     year = 2010,
    month = feb,
   volume = 709,
    pages = {L133-L137},
      doi = {10.1088/2041-8205/709/2/L133},
   adsurl = {http://adsabs.harvard.edu/abs/2010ApJ...709L.133B},
  adsnote = {Provided by the SAO/NASA Astrophysics Data System}
}

@ARTICLE{Mannucci_2010,
   author = {{Mannucci}, F. and {Cresci}, G. and {Maiolino}, R. and {Marconi}, A. and 
  {Gnerucci}, A.},
    title = "{A fundamental relation between mass, star formation rate and metallicity in local and high-redshift galaxies}",
  journal = {\mnras},
archivePrefix = "arXiv",
   eprint = {1005.0006},
 primaryClass = "astro-ph.CO",
 keywords = {galaxies: abundances, galaxies: formation, galaxies: high-redshift, galaxies: starburst},
     year = 2010,
    month = nov,
   volume = 408,
    pages = {2115-2127},
      doi = {10.1111/j.1365-2966.2010.17291.x},
   adsurl = {http://adsabs.harvard.edu/abs/2010MNRAS.408.2115M},
  adsnote = {Provided by the SAO/NASA Astrophysics Data System}
}


@ARTICLE{McLure_2010,
   author = {{McLure}, R.~J. and {Dunlop}, J.~S. and {Cirasuolo}, M. and 
  {Koekemoer}, A.~M. and {Sabbi}, E. and {Stark}, D.~P. and {Targett}, T.~A. and 
  {Ellis}, R.~S.},
    title = "{Galaxies at z = 6-9 from the WFC3/IR imaging of the Hubble Ultra Deep Field}",
  journal = {\mnras},
archivePrefix = "arXiv",
   eprint = {0909.2437},
 primaryClass = "astro-ph.CO",
 keywords = {galaxies: evolution, galaxies: formation, galaxies: high-redshift, cosmology: observations},
     year = 2010,
    month = apr,
   volume = 403,
    pages = {960-983},
      doi = {10.1111/j.1365-2966.2009.16176.x},
   adsurl = {http://adsabs.harvard.edu/abs/2010MNRAS.403..960M},
  adsnote = {Provided by the SAO/NASA Astrophysics Data System}
}

@ARTICLE{Oesch_2010,
   author = {{Oesch}, P.~A. and {Bouwens}, R.~J. and {Illingworth}, G.~D. and 
  {Carollo}, C.~M. and {Franx}, M. and {Labb{\'e}}, I. and {Magee}, D. and 
  {Stiavelli}, M. and {Trenti}, M. and {van Dokkum}, P.~G.},
    title = "{z \~{} 7 Galaxies in the HUDF: First Epoch WFC3/IR Results}",
  journal = {\apjl},
archivePrefix = "arXiv",
   eprint = {0909.1806},
 primaryClass = "astro-ph.CO",
 keywords = {galaxies: evolution, galaxies: high-redshift, galaxies: luminosity function, mass function},
     year = 2010,
    month = jan,
   volume = 709,
    pages = {L16-L20},
      doi = {10.1088/2041-8205/709/1/L16},
   adsurl = {http://adsabs.harvard.edu/abs/2010ApJ...709L..16O},
  adsnote = {Provided by the SAO/NASA Astrophysics Data System}
}

@ARTICLE{Pilbratt_2010,
   author = {{Pilbratt}, G.~L. and {Riedinger}, J.~R. and {Passvogel}, T. and 
  {Crone}, G. and {Doyle}, D. and {Gageur}, U. and {Heras}, A.~M. and 
  {Jewell}, C. and {Metcalfe}, L. and {Ott}, S. and {Schmidt}, M.
  },
    title = "{Herschel Space Observatory. An ESA facility for far-infrared and submillimetre astronomy}",
  journal = {\aap},
archivePrefix = "arXiv",
   eprint = {1005.5331},
 primaryClass = "astro-ph.IM",
 keywords = {space vehicles, space vehicles: instruments, infrared: general, submillimetre: general},
     year = 2010,
    month = jul,
   volume = 518,
      eid = {L1},
    pages = {L1},
      doi = {10.1051/0004-6361/201014759},
   adsurl = {http://adsabs.harvard.edu/abs/2010A%26A...518L...1P},
  adsnote = {Provided by the SAO/NASA Astrophysics Data System}
}

@ARTICLE{Elbaz_2011,
   author = {{Elbaz}, D. and {Dickinson}, M. and {Hwang}, H.~S. and {D{\'{\i}}az-Santos}, T. and 
  {Magdis}, G. and {Magnelli}, B. and {Le Borgne}, D. and {Galliano}, F. and 
  {Pannella}, M. and {Chanial}, P. and {Armus}, L. and {Charmandaris}, V. and 
  {Daddi}, E. and {Aussel}, H. and {Popesso}, P. and {Kartaltepe}, J. and 
  {Altieri}, B. and {Valtchanov}, I. and {Coia}, D. and {Dannerbauer}, H. and 
  {Dasyra}, K. and {Leiton}, R. and {Mazzarella}, J. and {Alexander}, D.~M. and 
  {Buat}, V. and {Burgarella}, D. and {Chary}, R.-R. and {Gilli}, R. and 
  {Ivison}, R.~J. and {Juneau}, S. and {Le Floc'h}, E. and {Lutz}, D. and 
  {Morrison}, G.~E. and {Mullaney}, J.~R. and {Murphy}, E. and 
  {Pope}, A. and {Scott}, D. and {Brodwin}, M. and {Calzetti}, D. and 
  {Cesarsky}, C. and {Charlot}, S. and {Dole}, H. and {Eisenhardt}, P. and 
  {Ferguson}, H.~C. and {F{\"o}rster Schreiber}, N. and {Frayer}, D. and 
  {Giavalisco}, M. and {Huynh}, M. and {Koekemoer}, A.~M. and 
  {Papovich}, C. and {Reddy}, N. and {Surace}, C. and {Teplitz}, H. and 
  {Yun}, M.~S. and {Wilson}, G.},
    title = "{GOODS-Herschel: an infrared main sequence for star-forming galaxies}",
  journal = {\aap},
archivePrefix = "arXiv",
   eprint = {1105.2537},
 primaryClass = "astro-ph.CO",
 keywords = {galaxies: active, infrared: galaxies, galaxies: evolution, galaxies: starburst},
     year = 2011,
    month = sep,
   volume = 533,
      eid = {A119},
    pages = {A119},
      doi = {10.1051/0004-6361/201117239},
   adsurl = {http://adsabs.harvard.edu/abs/2011A%26A...533A.119E},
  adsnote = {Provided by the SAO/NASA Astrophysics Data System}
}

@ARTICLE{Hao_2011,
   author = {{Hao}, C.-N. and {Kennicutt}, R.~C. and {Johnson}, B.~D. and 
  {Calzetti}, D. and {Dale}, D.~A. and {Moustakas}, J.},
    title = "{Dust-corrected Star Formation Rates of Galaxies. II. Combinations of Ultraviolet and Infrared Tracers}",
  journal = {\apj},
archivePrefix = "arXiv",
   eprint = {1108.2837},
 primaryClass = "astro-ph.CO",
 keywords = {dust, extinction, galaxies: ISM, infrared: galaxies, ultraviolet: galaxies},
     year = 2011,
    month = nov,
   volume = 741,
      eid = {124},
    pages = {124},
      doi = {10.1088/0004-637X/741/2/124},
   adsurl = {http://adsabs.harvard.edu/abs/2011ApJ...741..124H},
  adsnote = {Provided by the SAO/NASA Astrophysics Data System}
}


@ARTICLE{Grogin_2011,
   author = {{Grogin}, N.~A. and {Kocevski}, D.~D. and {Faber}, S.~M. and 
  {Ferguson}, H.~C. and {Koekemoer}, A.~M. and {Riess}, A.~G. and 
  {Acquaviva}, V. and {Alexander}, D.~M. and {Almaini}, O. and 
  {Ashby}, M.~L.~N. and {Barden}, M. and {Bell}, E.~F. and {Bournaud}, F. and 
  {Brown}, T.~M. and {Caputi}, K.~I. and {Casertano}, S. and {Cassata}, P. and 
  {Castellano}, M. and {Challis}, P. and {Chary}, R.-R. and {Cheung}, E. and 
  {Cirasuolo}, M. and {Conselice}, C.~J. and {Roshan Cooray}, A. and 
  {Croton}, D.~J. and {Daddi}, E. and {Dahlen}, T. and {Dav{\'e}}, R. and 
  {de Mello}, D.~F. and {Dekel}, A. and {Dickinson}, M. and {Dolch}, T. and 
  {Donley}, J.~L. and {Dunlop}, J.~S. and {Dutton}, A.~A. and 
  {Elbaz}, D. and {Fazio}, G.~G. and {Filippenko}, A.~V. and {Finkelstein}, S.~L. and 
  {Fontana}, A. and {Gardner}, J.~P. and {Garnavich}, P.~M. and 
  {Gawiser}, E. and {Giavalisco}, M. and {Grazian}, A. and {Guo}, Y. and 
  {Hathi}, N.~P. and {H{\"a}ussler}, B. and {Hopkins}, P.~F. and 
  {Huang}, J.-S. and {Huang}, K.-H. and {Jha}, S.~W. and {Kartaltepe}, J.~S. and 
  {Kirshner}, R.~P. and {Koo}, D.~C. and {Lai}, K. and {Lee}, K.-S. and 
  {Li}, W. and {Lotz}, J.~M. and {Lucas}, R.~A. and {Madau}, P. and 
  {McCarthy}, P.~J. and {McGrath}, E.~J. and {McIntosh}, D.~H. and 
  {McLure}, R.~J. and {Mobasher}, B. and {Moustakas}, L.~A. and 
  {Mozena}, M. and {Nandra}, K. and {Newman}, J.~A. and {Niemi}, S.-M. and 
  {Noeske}, K.~G. and {Papovich}, C.~J. and {Pentericci}, L. and 
  {Pope}, A. and {Primack}, J.~R. and {Rajan}, A. and {Ravindranath}, S. and 
  {Reddy}, N.~A. and {Renzini}, A. and {Rix}, H.-W. and {Robaina}, A.~R. and 
  {Rodney}, S.~A. and {Rosario}, D.~J. and {Rosati}, P. and {Salimbeni}, S. and 
  {Scarlata}, C. and {Siana}, B. and {Simard}, L. and {Smidt}, J. and 
  {Somerville}, R.~S. and {Spinrad}, H. and {Straughn}, A.~N. and 
  {Strolger}, L.-G. and {Telford}, O. and {Teplitz}, H.~I. and 
  {Trump}, J.~R. and {van der Wel}, A. and {Villforth}, C. and 
  {Wechsler}, R.~H. and {Weiner}, B.~J. and {Wiklind}, T. and 
  {Wild}, V. and {Wilson}, G. and {Wuyts}, S. and {Yan}, H.-J. and 
  {Yun}, M.~S.},
    title = "{CANDELS: The Cosmic Assembly Near-infrared Deep Extragalactic Legacy Survey}",
  journal = {\apjs},
archivePrefix = "arXiv",
   eprint = {1105.3753},
 primaryClass = "astro-ph.CO",
 keywords = {cosmology: observations, galaxies: high-redshift},
     year = 2011,
    month = dec,
   volume = 197,
      eid = {35},
    pages = {35},
      doi = {10.1088/0067-0049/197/2/35},
   adsurl = {http://adsabs.harvard.edu/abs/2011ApJS..197...35G},
  adsnote = {Provided by the SAO/NASA Astrophysics Data System}
}

@ARTICLE{Kennicutt_2012,
   author = {{Kennicutt}, R.~C. and {Evans}, N.~J.},
    title = "{Star Formation in the Milky Way and Nearby Galaxies}",
  journal = {\araa},
archivePrefix = "arXiv",
   eprint = {1204.3552},
 primaryClass = "astro-ph.GA",
     year = 2012,
    month = sep,
   volume = 50,
    pages = {531-608},
      doi = {10.1146/annurev-astro-081811-125610},
   adsurl = {http://adsabs.harvard.edu/abs/2012ARA%26A..50..531K},
  adsnote = {Provided by the SAO/NASA Astrophysics Data System}
}


@ARTICLE{Erben_2013,
   author = {{de Jong}, J.~T.~A. and {Kuijken}, K. and {Applegate}, D. and 
  {Begeman}, K. and {Belikov}, A. and {Blake}, C. and {Bout}, J. and 
  {Boxhoorn}, D. and {Buddelmeijer}, H. and {Buddendiek}, A. and 
  {Cacciato}, M. and {Capaccioli}, M. and {Choi}, A. and {Cordes}, O. and 
  {Covone}, G. and {Dall'Ora}, M. and {Edge}, A. and {Erben}, T. and 
  {Franse}, J. and {Getman}, F. and {Grado}, A. and {Harnois-Deraps}, J. and 
  {Helmich}, E. and {Herbonnet}, R. and {Heymans}, C. and {Hildebrandt}, H. and 
  {Hoekstra}, H. and {Huang}, Z. and {Irisarri}, N. and {Joachimi}, B. and 
  {K{\"o}hlinger}, F. and {Kitching}, T. and {La Barbera}, F. and 
  {Lacerda}, P. and {McFarland}, J. and {Miller}, L. and {Nakajima}, R. and 
  {Napolitano}, N.~R. and {Paolillo}, M. and {Peacock}, J. and 
  {Pila-Diez}, B. and {Puddu}, E. and {Radovich}, M. and {Rifatto}, A. and 
  {Schneider}, P. and {Schrabback}, T. and {Sifon}, C. and {Sikkema}, G. and 
  {Simon}, P. and {Sutherland}, W. and {Tudorica}, A. and {Valentijn}, E. and 
  {van der Burg}, R. and {van Uitert}, E. and {van Waerbeke}, L. and 
  {Velander}, M. and {Kleijn}, G.~V. and {Viola}, M. and {Vriend}, W.-J.
  },
    title = "{The Kilo-Degree Survey}",
  journal = {The Messenger},
     year = 2013,
    month = dec,
   volume = 154,
    pages = {44-46},
   adsurl = {http://adsabs.harvard.edu/abs/2013Msngr.154...44J},
  adsnote = {Provided by the SAO/NASA Astrophysics Data System}
}

@ARTICLE{Madau_2014,
   author = {{Madau}, P. and {Dickinson}, M.},
    title = "{Cosmic Star-Formation History}",
  journal = {\araa},
archivePrefix = "arXiv",
   eprint = {1403.0007},
     year = 2014,
    month = aug,
   volume = 52,
    pages = {415-486},
      doi = {10.1146/annurev-astro-081811-125615},
   adsurl = {http://adsabs.harvard.edu/abs/2014ARA%26A..52..415M},
  adsnote = {Provided by the SAO/NASA Astrophysics Data System}
}